@online{webrender,
 author               = {Sean McCurry and Langbehn, T.J.},
 date                 = {2018-05-01},
 keywords             = {Web Accessibility},
 title                = {AROW: Accessible RMarkdown Online Writer},
 url                  = {http://www.arowtool.com},
 urldate              = {2018-09-21},
 }

@online{webrender,
 author               = {Langbehn, T.J. and Langbehn, T.J.},
 date                 = {2018-05-01},
 keywords             = {Web Accessibility},
 title                = {AROW: Accessible RMarkdown Online Writer},
 url                  = {http://www.arowtool.com},
 urldate              = {2018-09-21},
 } 
 