@inproceedings{Langbehn2016c,
author = {Langbehn, TJ and Schoenle, A},
booktitle = {Youmares 7 Conference Proceedings},
editor = {Bode, M and Jessen, C and Golz, V},
pages = {59--68},
publisher = {German Society for Marine Research, Working Group on Studies and Education, Deutsche Gesellschaft f{\"{u}}r Meeresforschung (DGM) e.V.},
title = {{Deep | Dark | Cold - Frontiers in Polar and Deep-Sea Research}},
year = {2016}
}
