@article{Ljungstrom,
abstract = {in review},
author = {Ljungstr{\"{o}}m*, Gabriella and Langbehn*, T. and J{\o}rgensen, Christian},
journal = {Nature Climate Change},
title = {{Light and energetics at seasonal extremes limit poleward range shifts}},
pubstate = {under revision}
}

@article{Langbehnh,
author = {Langbehn, T. and Aksnes, Dag L. and Kaartvedt, Stein and Fiksen, {\O}yvind and J{\o}rgensen, Christian},
journal = {tbd},
title = {{Poleward distribution of mesopelagic fishes is constrained by seasonality in light}},
pubstate = {in prep.}
}

@article{Geoffroy,
author = {Geoffroy, M. and Langbehn, T. and Priou, P. and Varpe, Ã˜. and Johnsen, G. and LeBris, A. and Fisher, J. and Daase, M. and Berge, J.},
journal = {tbd},
title = {{Pelagic fish and zooplankton avoid artificial light from scientific instruments, including red light}},
pubstate = {in prep.}
}
